@report{NavigationNASA,
title = {Navigation Filter Best Practices},
author = {Carpenter, J Russel and D'Souza, Christopher N},
intitution = {National Aeronautics and Space Administration},
year = {2018},
url = {https://ntrs.nasa.gov/api/citations/20180003657/downloads/20180003657.pdf}
}

@manual{STIM300,
title = {STIM300 Datasheet},
version = {TS1524 rev.29},
organization = {Safran Sensing Technologies Norway AS},
url = {https://sensonor.azurewebsites.net/media/5z5lv25o/ts1524-r29-datasheet-stim300.pdf}
}

@book{HandbookMath,
title = {Handbook of mathematical functions},
subtitle = {with Formulas, Graphs and Mathematical Tables},
edition = {Ninth},
editor = {Abramowitz, Milton and Stegun, Irene A.},
year = {1972},
publisher = {Dover Publications},
isbn = {0-486-61272-4}
}

@book{AttitudeWertz,
title = {Spacecraft Attitude Determination and Control},
editor = {Wertz, James R.},
edition = {First},
year = {1980},
publisher = {Springer Dordrecht},
isbn = {978-90-277-1204-2}
}

@book{Misiles,
title = {Apuntes de Misiles},
author = {Fernández, J.M. and Tinao, I.},
year = {2020},
publisher = {Publicaciones ETSIAE}
}

@book{VehEspaciales,
title = {Apuntes de Vehículos Espaciales},
author = {Laverón, A. and del Cura, J.M. and Sanz-Aránguez, P. and Elices, T.},
year = {2015},
publisher = {Publicaciones ETSIAE}
}

@book{MecVuelo,
title = {Mecánica de vuelo},
author = {Gómez Tierno, M.A. and Pérez Cortes, M. and Puentes Márquez, C.},
edition = {Second},
year = {2012},
publisher = {Ibergarceta Publicaciones}
}

@book{GNSS,
title = {Understanding GPS},
subtitle = {Principles and applications},
editor = {Kaplan, Elliot D. and Hegarty, Christopher J.},
edition = {Second},
year = {2005},
publisher = {Artech House},
isbn = {1-58053-894-0}
}

@article{KalmanQuaternions,
author = {Bernal-Polo, Pablo and Martínez-Barberá, Humberto},
title = {Kalman Filtering for Attitude Estimation with Quaternions and Concepts from Manifold Theory},
journaltitle = {Sensors (MDPI)},
year = {2019},
month = {January},
url = {https://www.mdpi.com/1424-8220/19/1/149}
}

@report{InertialNavigation,
author = {Woodman, Oliver J.},
title = {An introduction to inertial navigation},
institution = {University of Cambridge - Computer Laboratory},
year = {2007},
month = {August},
number = {696},
url = {https://www.cl.cam.ac.uk/techreports/UCAM-CL-TR-696.html}
}

@InProceedings{Quat2RotMat,
author = {Sarabandi, Soheil and Thomas, Federico},
editor = {Lenarcic, Jadran and Parenti-Castelli, Vincenzo},
title = {Accurate Computation of Quaternions from Rotation Matrices},
booktitle ={Advances in Robot Kinematics 2018},
year = {2019},
publisher = {Springer International Publishing},
pages = {39--46},
isbn = {978-3-319-93188-3}
}

@book{MonteCarlo,
author = {Sóbol, I.M.},
title = {Método de Montecarlo},
year = {1983},
publisher = {Editorial MIR}
}

@article{Quat2MatRot2,
author = {Tanaka, T. and Kawase, S.},
title = {A High-speed Integration Method for the Satellite's Ephemeris Generation},
journal = {Journal of Guidance and Control},
volume = {1},
number = {3},
pages = {222-224},
year = {1978},
URL = {https://doi.org/10.2514/3.55767}
}

@book{ISA,
author = {National Oceanic Atmospheric Administration, NOAA},
title = {U.S. Standard Atmosphere, 1976},
year = {1976},
subtitle = {ADA035728},
url = {https://apps.dtic.mil/sti/citations/ADA035728}
}

@report{F18AeroCoef,
author = {Banks, Daniel W. and Fisher, David F. and Hall, Robert M. and Erickson, Gary E. and Murri, Daniel G. and Grafton, Sue B. and Sewall, William G.},
title = {The F/A-18 High-Angle-of-Attack Ground-to-Flight Correlation: Lessons Learned},
type = {Technical Memorandum},
institution = {National Aeronautics and Space Administration},
year = {1997},
url = {https://www.nasa.gov/centers/dryden/pdf/88489main_H-2149.pdf}
}

@online{F18Performance,
title = {NASA - F-18 Performance / Specifications},
year = {2008},
url = {https://www.nasa.gov/centers/armstrong/aircraft/F-18/performance.html},
organization = {National Aeronautics and Space Administration}
}

@report{F18Dimensions,
author = {Iliff, Kenneth W. and Wang, Kon-Sheng Charles},
title = {Flight-Determined Subsonic Longitudinal Stability and Control Derivatives of the F-18 High Angle of Attack Research Vehicle (HARV) With Thrust Vectoring},
type = {Technical Report},
institution = {National Aeronautics and Space Administration},
year = {1997},
url = {https://ntrs.nasa.gov/api/citations/19980007172/downloads/19980007172.pdf}
}

@online{pchip,
title = {Piecewise Cubic Hermite Interpolating Polynomial Documentation - MATLAB},
url = {https://es.mathworks.com/help/matlab/ref/pchip.html},
organization = {MathWorks}
}

@online{makima,
title = {Modified Akima piecewise cubic Hermite interpolation Documentation - MATLAB},
url = {https://es.mathworks.com/help/matlab/ref/makima.html},
organization = {MathWorks}
}

@online{spline,
title = {Cubic spline data interpolation Documentation - MATLAB},
url = {https://es.mathworks.com/help/matlab/ref/spline.html},
organization = {MathWorks}
}

@book{Almanac,
title = {The Astronomical Almanac: For the year 2019},
publisher={U.S. Government Printing Office}, 
year={2018}
}

@online{Pegasus,
title = {Pegasus rocket},
url = {https://www.northropgrumman.com/space/pegasus-rocket/},
organization = {Northrop Grumman},
}

@online{VirginOrbit,
title = {LauncherOne},
url = {https://www.space.com/16532-virgin-galactic-launcherone-rocket-images.html},
organization = {Virgin Orbit},
}

@online{Stratolaunch,
title = {Roc carrier aircraft},
url = {https://www.stratolaunch.com/images/},
organization = {Stratolaunch},
}





